@article{zhu2017looking,
  title={Looking ahead makes query plans robust: Making the initial case with in-memory star schema data warehouse workloads},
  author={Zhu, Jianqiao and Potti, Navneet and Saurabh, Saket and Patel, Jignesh M},
  journal={Proceedings of the VLDB Endowment},
  volume={10},
  number={8},
  pages={889--900},
  year={2017},
  publisher={VLDB Endowment}
}
@inproceedings{o2009star,
  title={The star schema benchmark and augmented fact table indexing},
  author={O’Neil, Patrick and O’Neil, Elizabeth and Chen, Xuedong and Revilak, Stephen},
  booktitle={Technology Conference on Performance Evaluation and Benchmarking},
  pages={237--252},
  year={2009},
  organization={Springer}
}


@article{leis2015good,
  title={How good are query optimizers, really?},
  author={Leis, Viktor and Gubichev, Andrey and Mirchev, Atanas and Boncz, Peter and Kemper, Alfons and Neumann, Thomas},
  journal={Proceedings of the VLDB Endowment},
  volume={9},
  number={3},
  pages={204--215},
  year={2015},
  publisher={VLDB Endowment}
}


@inproceedings{rabl2013variations,
  title={Variations of the star schema benchmark to test the effects of data skew on query performance},
  author={Rabl, Tilmann and Poess, Meikel and Jacobsen, Hans-Arno and O'Neil, Patrick and O'Neil, Elizabeth},
  booktitle={Proceedings of the 4th ACM/SPEC International Conference on Performance Engineering},
  pages={361--372},
  year={2013},
  organization={ACM}
}

@article{littlestone1994weighted,
  title={The weighted majority algorithm},
  author={Littlestone, Nick and Warmuth, Manfred K},
  journal={Information and computation},
  volume={108},
  number={2},
  pages={212--261},
  year={1994},
  publisher={Elsevier}
}


@ONLINE{apachearrow,
author = {The Apache Software Foundation},
title = {Apache Arrow (C++)},
month = Dec,
year = {2019},
url = {https://arrow.apache.org/}
}
